<record><leader>00000cas a22000007a 4500</leader><controlfield tag="001">23379391</controlfield><controlfield tag="007">hd afu---buca</controlfield><controlfield tag="008">910405d17421793deuwr nea     0    0eng d</controlfield><datafield ind1=" " ind2=" " tag="010"><subfield code="a">sn 91025742 </subfield></datafield><datafield ind1=" " ind2=" " tag="040"><subfield code="a">HLS</subfield><subfield code="b">eng</subfield><subfield code="c">HLS</subfield><subfield code="d">HUL</subfield><subfield code="d">OCLCQ</subfield><subfield code="d">MBB</subfield><subfield code="d">OCLCF</subfield><subfield code="d">OCLCO</subfield></datafield><datafield ind1=" " ind2=" " tag="012"><subfield code="i">9104</subfield></datafield><datafield ind1="1" ind2=" " tag="029"><subfield code="a">AU@</subfield><subfield code="b">000025872902</subfield></datafield><datafield ind1=" " ind2=" " tag="042"><subfield code="a">msc</subfield></datafield><datafield ind1=" " ind2=" " tag="043"><subfield code="a">n-us-pa</subfield></datafield><datafield ind1="1" ind2="4" tag="050"><subfield code="a">F146</subfield><subfield code="b">.P62</subfield></datafield><datafield ind1="0" ind2="4" tag="245"><subfield code="a">The Pennsylvania journal, or, Weekly advertiser</subfield><subfield code="h">[microform].</subfield></datafield><datafield ind1="3" ind2="0" tag="246"><subfield code="a">Pennsylvania journal and weekly advertiser</subfield></datafield><datafield ind1="3" ind2="0" tag="246"><subfield code="a">Pennsylvania journal and the weekly advertiser</subfield></datafield><datafield ind1="3" ind2="0" tag="246"><subfield code="a">Weekly advertiser</subfield></datafield><datafield ind1=" " ind2=" " tag="260"><subfield code="a">Philadelphia, Pa. :</subfield><subfield code="b">W. Bradford,</subfield><subfield code="c">1742-1793.</subfield></datafield><datafield ind1=" " ind2=" " tag="300"><subfield code="a">3617 v.</subfield></datafield><datafield ind1=" " ind2=" " tag="310"><subfield code="a">Weekly</subfield></datafield><datafield ind1=" " ind2=" " tag="321"><subfield code="a">Semiweekly,</subfield><subfield code="b">June 20, 1781-Dec. 24, 1788</subfield></datafield><datafield ind1="0" ind2=" " tag="362"><subfield code="a">No. 3 (Dec. 21, 1742)-no. 3619 (Sept. 18, 1793).</subfield></datafield><datafield ind1=" " ind2=" " tag="500"><subfield code="a">Published as: Pennsylvania journal and weekly advertiser, June 13, 1751-Jan. 23, 1766, Dec. 23, 1778-May 10, 1780; Pennsylvania journal and the weekly advertiser, Jan. 30, 1766-Sept. 17, 1777, May 17, 1780-Sept. 18, 1793.</subfield></datafield><datafield ind1=" " ind2=" " tag="515"><subfield code="a">Suspended publication Nov. 27, 1776-Jan. 29, 1777.</subfield></datafield><datafield ind1=" " ind2=" " tag="515"><subfield code="a">Issue for Mar. 31, 1779 numbered 1282 instead of 1822; error perpetuated for rest of run.</subfield></datafield><datafield ind1=" " ind2=" " tag="533"><subfield code="a">Microfilm.</subfield><subfield code="b">Wilmington, Del. :</subfield><subfield code="c">Scholarly Resources.</subfield><subfield code="e">25 microfilm reels ; 35 mm.</subfield></datafield><datafield ind1=" " ind2="0" tag="651"><subfield code="a">Pennsylvania</subfield><subfield code="x">Periodicals.</subfield></datafield><datafield ind1=" " ind2="7" tag="655"><subfield code="a">Periodicals.</subfield><subfield code="2">fast</subfield><subfield code="0">(OCoLC)fst01411641</subfield></datafield><datafield ind1=" " ind2="7" tag="651"><subfield code="a">Pennsylvania.</subfield><subfield code="2">fast</subfield><subfield code="0">(OCoLC)fst01204598</subfield></datafield><datafield ind1=" " ind2=" " tag="752"><subfield code="a">United States</subfield><subfield code="b">Pennsylvania</subfield><subfield code="c">Philadelphia</subfield><subfield code="d">Philadelphia.</subfield></datafield><datafield ind1="0" ind2="0" tag="780"><subfield code="t">Weekly advertiser, or, Pennsylvania journal</subfield><subfield code="w">(DLC)sn 91025750</subfield><subfield code="w">(OCoLC)23379967</subfield></datafield><datafield ind1=" " ind2=" " tag="850"><subfield code="a">MH</subfield></datafield></record>